@article{Mumpower2016,
  doi = {10.1016/j.ppnp.2015.09.001},
  url = {https://doi.org/10.1016/j.ppnp.2015.09.001},
  year = {2016},
  month = jan,
  publisher = {Elsevier {BV}},
  volume = {86},
  pages = {86--126},
  author = {M.R. Mumpower and R. Surman and G.C. McLaughlin and A. Aprahamian},
  title = {The impact of individual nuclear properties onr-process nucleosynthesis},
  journal = {Prog. Part. Nucl. Phys.}
}

